<?xml version="1.0" encoding="UTF-8"?><collection xmlns="info:lc/xmlns/marcxchange-v1" xmlns:xsi="http://www.w3.org/2001/XMLSchema-instance" xsi:schemaLocation="info:lc/xmlns/marcxchange-v1 http://www.loc.gov/standards/iso25577/marcxchange-1-1.xsd"><record format="MAB" type="Bibliographic"><leader>00671nM2.01200024   000h</leader><controlfield tag="001"> 5-x</controlfield><controlfield tag="002">a19991118</controlfield><controlfield tag="003"> 20090303214806</controlfield><controlfield tag="004"> 20090320</controlfield><datafield tag="025" ind1="a"><subfield code="a">010000011</subfield></datafield><datafield tag="025" ind1="z"><subfield code="a">5-x</subfield></datafield><datafield tag="026" ind1=" "><subfield code="a">ZDB5-x</subfield></datafield><datafield tag="030" ind1=" "><subfield code="a">b|1dcz|z|||37</subfield></datafield><datafield tag="036" ind1="a"><subfield code="a">XA-DE</subfield></datafield><datafield tag="037" ind1="b"><subfield code="a">ger</subfield></datafield><datafield tag="050" ind1=" "><subfield code="a">a|a|||||||||||</subfield></datafield><datafield tag="052" ind1=" "><subfield code="a">p||||||z|||||||</subfield></datafield><datafield tag="070" ind1=" "><subfield code="a">9001</subfield></datafield><datafield tag="070" ind1="a"><subfield code="a">DNB</subfield></datafield><datafield tag="070" ind1="b"><subfield code="a">9999</subfield></datafield><datafield tag="200" ind1="b"><subfield code="a">Deutschland &lt;Bundesrepublik&gt; / Bundesminister für Gesamtdeutsche Fragen</subfield></datafield><datafield tag="202" ind1="a"><subfield code="a">2028926-1</subfield></datafield><datafield tag="331" ind1=" "><subfield code="a">A bis Z</subfield></datafield><datafield tag="335" ind1=" "><subfield code="a">ein Taschen- u. Nachschlagebuch über d. anderen Teil Deutschlands</subfield></datafield><datafield tag="359" ind1=" "><subfield code="a">hrsg. vom Bundesministerium für Gesamtdeutsche Fragen. Red. Günter Fischbach</subfield></datafield><datafield tag="405" ind1=" "><subfield code="a">Aufl. 11.1969</subfield></datafield><datafield tag="410" ind1=" "><subfield code="a">Bonn</subfield></datafield><datafield tag="412" ind1=" "><subfield code="a">Dt. Bundes-Verl.</subfield></datafield><datafield tag="425" ind1="b"><subfield code="a">1969</subfield></datafield><datafield tag="425" ind1="c"><subfield code="a">1969</subfield></datafield><datafield tag="531" ind1="z"><subfield code="a">874-6               Vorg. ---&gt;‡SBZ von A bis Z</subfield></datafield><datafield tag="533" ind1="z"><subfield code="a">130385-5            Forts. ---&gt;‡DDR-Handbuch</subfield></datafield><datafield tag="537" ind1=" "><subfield code="a">F/BAC*090383.</subfield></datafield><datafield tag="700" ind1="z"><subfield code="a">|100</subfield></datafield><datafield tag="700" ind1="z"><subfield code="a">|335</subfield></datafield></record>