<record format="MAB" type="Bibliographic"><leader>01020nM2.01200024   000h</leader><controlfield tag="001"> 7-3</controlfield><controlfield tag="002">a19991118</controlfield><controlfield tag="003"> 20080527235407</controlfield><controlfield tag="004"> 20090320</controlfield><datafield tag="016" ind1=" "><subfield code="a">550147969‡DNB</subfield></datafield><datafield tag="025" ind1="a"><subfield code="a">01000002X</subfield></datafield><datafield tag="025" ind1="z"><subfield code="a">7-3</subfield></datafield><datafield tag="026" ind1=" "><subfield code="a">ZDB7-3</subfield></datafield><datafield tag="030" ind1=" "><subfield code="a">b|1dcz|z|||37</subfield></datafield><datafield tag="036" ind1="a"><subfield code="a">XA-DDDE‡XA-DE</subfield></datafield><datafield tag="037" ind1="b"><subfield code="a">ger</subfield></datafield><datafield tag="050" ind1=" "><subfield code="a">a|a|||||||||||</subfield></datafield><datafield tag="052" ind1=" "><subfield code="a">p||||||zz||||||</subfield></datafield><datafield tag="070" ind1=" "><subfield code="a">9001</subfield></datafield><datafield tag="070" ind1="a"><subfield code="a">DNB</subfield></datafield><datafield tag="070" ind1="b"><subfield code="a">9999</subfield></datafield><datafield tag="073" ind1=" "><subfield code="a">12,2</subfield></datafield><datafield tag="200" ind1="b"><subfield code="a">Staatliches Museum für Tierkunde &lt;Dresden&gt;</subfield></datafield><datafield tag="202" ind1="a"><subfield code="a">35521-5</subfield></datafield><datafield tag="331" ind1=" "><subfield code="a">Faunistische Abhandlungen</subfield></datafield><datafield tag="359" ind1=" "><subfield code="a">Publ.: Museum für Tierkunde Dresden, Staatliche Naturhistorische Sammlungen Dresden</subfield></datafield><datafield tag="376" ind1=" "><subfield code="a">FAUN ABH (DRES)</subfield></datafield><datafield tag="376" ind1="b"><subfield code="a">SMTFB</subfield></datafield><datafield tag="405" ind1=" "><subfield code="a">1.1963/66 - 26.2008; damit Ersch. eingest.</subfield></datafield><datafield tag="406" ind1="a"><subfield code="j">1963/66</subfield><subfield code="k">2008</subfield></datafield><datafield tag="410" ind1=" "><subfield code="a">Dresden</subfield></datafield><datafield tag="412" ind1=" "><subfield code="a">Museum für Tierkunde</subfield></datafield><datafield tag="418" ind1=" "><subfield code="a">Leipzig</subfield><subfield code="g">Geest &amp; Portig</subfield><subfield code="h">anfangs</subfield></datafield><datafield tag="425" ind1="b"><subfield code="a">1963</subfield></datafield><datafield tag="425" ind1="c"><subfield code="a">2008</subfield></datafield><datafield tag="435" ind1=" "><subfield code="a">24 cm</subfield></datafield><datafield tag="523" ind1=" "><subfield code="a">Ersch. unregelmäßig</subfield></datafield><datafield tag="527" ind1="z"><subfield code="a">2233959-0           Internetausg. ---&gt;‡Faunistische Abhandlungen</subfield></datafield><datafield tag="531" ind1="z"><subfield code="a">6068-9              Vorg. ---&gt;‡Staatliches Museum für Tierkunde &lt;Dresden&gt;: Abhandlungen und Berichte aus dem Staatlichen Museum für Tierkunde in Dresden</subfield></datafield><datafield tag="537" ind1=" "><subfield code="a">84!(22-02-08)</subfield></datafield><datafield tag="542" ind1="a"><subfield code="a">ISSN 0070-7252</subfield></datafield><datafield tag="542" ind1="a"><subfield code="a">ISSN 0375-2135</subfield></datafield><datafield tag="545" ind1="a"><subfield code="a">ISSN 0070-7252</subfield></datafield><datafield tag="574" ind1=" "><subfield code="a">08,B23,0382</subfield></datafield><datafield tag="700" ind1=" "><subfield code="a">|590‡DNB</subfield></datafield><datafield tag="700" ind1=" "><subfield code="a">|Y‡DNB</subfield></datafield><datafield tag="700" ind1="z"><subfield code="a">|730</subfield></datafield><datafield tag="710" ind1="a"><subfield code="a">Zoologie</subfield></datafield></record>