<record format="MAB" type="Bibliographic"><leader>01174nM2.01200024   000h</leader><controlfield tag="001"> 9-7</controlfield><controlfield tag="002">a19991118</controlfield><controlfield tag="003"> 20071002103424</controlfield><controlfield tag="004"> 20090320</controlfield><datafield tag="016" ind1=" "><subfield code="a">550196447‡DNB</subfield></datafield><datafield tag="025" ind1="a"><subfield code="a">010000038</subfield></datafield><datafield tag="025" ind1="z"><subfield code="a">9-7</subfield></datafield><datafield tag="026" ind1=" "><subfield code="a">ZDB9-7</subfield></datafield><datafield tag="030" ind1=" "><subfield code="a">b|1dcz|z|||37</subfield></datafield><datafield tag="036" ind1="a"><subfield code="a">XA-DDDE‡XA-DE</subfield></datafield><datafield tag="037" ind1="b"><subfield code="a">ger</subfield></datafield><datafield tag="050" ind1=" "><subfield code="a">a|a|||||||||||</subfield></datafield><datafield tag="052" ind1=" "><subfield code="a">p||||||zz||||||</subfield></datafield><datafield tag="070" ind1=" "><subfield code="a">9001</subfield></datafield><datafield tag="070" ind1="a"><subfield code="a">DNB</subfield></datafield><datafield tag="070" ind1="b"><subfield code="a">9999</subfield></datafield><datafield tag="073" ind1=" "><subfield code="a">12,2</subfield></datafield><datafield tag="076" ind1="c"><subfield code="a">mg</subfield></datafield><datafield tag="200" ind1="b"><subfield code="a">Staatliches Museum für Tierkunde &lt;Dresden&gt;</subfield></datafield><datafield tag="202" ind1="a"><subfield code="a">35521-5</subfield></datafield><datafield tag="331" ind1=" "><subfield code="a">Malakologische Abhandlungen</subfield></datafield><datafield tag="359" ind1=" "><subfield code="a">Staatliches Museum für Tierkunde Dresden. anfangs hrsg. von W. Götz</subfield></datafield><datafield tag="370" ind1="a"><subfield code="a">Malakologische Abhandlungen aus dem Staatlichen Museum für Tierkunde Dresden</subfield></datafield><datafield tag="376" ind1=" "><subfield code="a">MALAKOL ABH (DRES)</subfield></datafield><datafield tag="376" ind1=" "><subfield code="a">Malakol. Abh.</subfield></datafield><datafield tag="376" ind1="b"><subfield code="a">SMTMB</subfield></datafield><datafield tag="405" ind1=" "><subfield code="a">1.1964/67 - 24.2006</subfield></datafield><datafield tag="406" ind1="a"><subfield code="j">1964/67</subfield><subfield code="k">2006</subfield></datafield><datafield tag="410" ind1=" "><subfield code="a">Dresden</subfield></datafield><datafield tag="412" ind1=" "><subfield code="a">Museum für Tierkunde</subfield></datafield><datafield tag="418" ind1=" "><subfield code="a">Leipzig</subfield><subfield code="g">Geest &amp; Porting</subfield><subfield code="h">anfangs</subfield></datafield><datafield tag="425" ind1="b"><subfield code="a">1964</subfield></datafield><datafield tag="425" ind1="c"><subfield code="a">2006</subfield></datafield><datafield tag="435" ind1=" "><subfield code="a">24 cm</subfield></datafield><datafield tag="507" ind1=" "><subfield code="a">Nebent. ab 13.1988: Malakologische Abhandlungen aus dem Staatlichen Museum für Tierkunde Dresden</subfield></datafield><datafield tag="523" ind1=" "><subfield code="a">Ersch. unregelmäßig</subfield></datafield><datafield tag="531" ind1="z"><subfield code="a">6068-9              Vorg. ---&gt;‡Staatliches Museum für Tierkunde &lt;Dresden&gt;: Abhandlungen und Berichte aus dem Staatlichen Museum für Tierkunde in Dresden</subfield></datafield><datafield tag="533" ind1="z"><subfield code="a">2280187-X           Forts. ---&gt;‡Mollusca</subfield></datafield><datafield tag="537" ind1=" "><subfield code="a">14!IIA!(07-05-07)C!(06-08-07)</subfield></datafield><datafield tag="542" ind1="a"><subfield code="a">ISSN 0070-7260</subfield></datafield><datafield tag="542" ind1="z"><subfield code="a">brosch. : M 19.50 (Einzelbd.)</subfield></datafield><datafield tag="574" ind1=" "><subfield code="a">97,B12,0347</subfield></datafield><datafield tag="700" ind1=" "><subfield code="a">|590‡DNB</subfield></datafield><datafield tag="700" ind1="z"><subfield code="a">|730</subfield></datafield><datafield tag="710" ind1="a"><subfield code="a">Weichtiere</subfield></datafield></record><record format="MAB" type="Bibliographic"><leader>00644nM2.01200024   000h</leader><controlfield tag="001"> 10-3</controlfield><controlfield tag="002">a19991118</controlfield><controlfield tag="003"> 20070627061749</controlfield><controlfield tag="004"> 20090320</controlfield><datafield tag="025" ind1="a"><subfield code="a">010000046</subfield></datafield><datafield tag="025" ind1="z"><subfield code="a">10-3</subfield></datafield><datafield tag="026" ind1=" "><subfield code="a">ZDB10-3</subfield></datafield><datafield tag="030" ind1=" "><subfield code="a">b|1dcz|z|||35</subfield></datafield><datafield tag="036" ind1="a"><subfield code="a">XA-IT</subfield></datafield><datafield tag="050" ind1=" "><subfield code="a">a|a|||||||||||</subfield></datafield><datafield tag="052" ind1=" "><subfield code="a">pbi||||z|||||||</subfield></datafield><datafield tag="070" ind1=" "><subfield code="a">9001</subfield></datafield><datafield tag="070" ind1="a"><subfield code="a">DNB</subfield></datafield><datafield tag="070" ind1="b"><subfield code="a">0012</subfield></datafield><datafield tag="310" ind1=" "><subfield code="a">Bibliografia polarografica / 1</subfield></datafield><datafield tag="331" ind1=" "><subfield code="a">Bibliografia polarografica</subfield></datafield><datafield tag="359" ind1=" "><subfield code="a">Consiglio Nazionale delle Ricerche, Centro di Studio per la Polarografia</subfield></datafield><datafield tag="360" ind1=" "><subfield code="a">P. 1, Elenco dei lavori e indice degli autori</subfield></datafield><datafield tag="405" ind1=" "><subfield code="a">[1/3.]1922/49(1949); 4.1922/51(1951) - 15.1922/62(1964)</subfield></datafield><datafield tag="410" ind1=" "><subfield code="a">Spoleto</subfield></datafield><datafield tag="425" ind1="b"><subfield code="a">1949</subfield></datafield><datafield tag="425" ind1="c"><subfield code="a">1964</subfield></datafield><datafield tag="530" ind1="z"><subfield code="a">205482-6            Beil. zu ---&gt;‡&#152;La&#156; ricerca scientifica</subfield></datafield><datafield tag="533" ind1="z"><subfield code="a">3564-6              Forts. ---&gt;‡Bibliografia polarografica / 1 2</subfield></datafield><datafield tag="537" ind1=" "><subfield code="a">C*240386</subfield></datafield><datafield tag="700" ind1="z"><subfield code="a">|740</subfield></datafield></record>