<record format="MAB" type="Bibliographic"><leader>00764nM2.01200024   000h</leader><controlfield tag="001"> 12-7</controlfield><controlfield tag="002">a19991118</controlfield><controlfield tag="003"> 20090210013335</controlfield><controlfield tag="004"> 20090320</controlfield><datafield tag="025" ind1="a"><subfield code="a">010000054</subfield></datafield><datafield tag="025" ind1="z"><subfield code="a">12-7</subfield></datafield><datafield tag="026" ind1=" "><subfield code="a">ZDB12-7</subfield></datafield><datafield tag="030" ind1=" "><subfield code="a">b|1dcz|z|||27</subfield></datafield><datafield tag="036" ind1="a"><subfield code="a">XA-DE</subfield></datafield><datafield tag="037" ind1="b"><subfield code="a">ger</subfield></datafield><datafield tag="050" ind1=" "><subfield code="a">a|a|||||||||||</subfield></datafield><datafield tag="052" ind1=" "><subfield code="a">p||||||zz||||||</subfield></datafield><datafield tag="070" ind1=" "><subfield code="a">9001</subfield></datafield><datafield tag="070" ind1="a"><subfield code="a">DNB</subfield></datafield><datafield tag="070" ind1="b"><subfield code="a">9999</subfield></datafield><datafield tag="200" ind1=" "><subfield code="a">Osram-Gesellschaft &lt;München; Berlin, West&gt;</subfield></datafield><datafield tag="202" ind1="a"><subfield code="a">35536-7</subfield></datafield><datafield tag="331" ind1=" "><subfield code="a">Technisch-wissenschaftliche Abhandlungen der Osram-Gesellschaft</subfield></datafield><datafield tag="359" ind1=" "><subfield code="a">hrsg. unter Mitw. ... von Wilfried Meyer</subfield></datafield><datafield tag="376" ind1=" "><subfield code="a">Tech.-Wiss. Abh. Osram-Ges.</subfield></datafield><datafield tag="376" ind1="b"><subfield code="a">TAOGA</subfield></datafield><datafield tag="405" ind1=" "><subfield code="a">5.1943; 6.1953 - 11.1973; 12.1986; damit Ersch. eingest.</subfield></datafield><datafield tag="410" ind1=" "><subfield code="a">Berlin ; Göttingen ; Heidelberg</subfield></datafield><datafield tag="412" ind1=" "><subfield code="a">Springer</subfield></datafield><datafield tag="425" ind1="b"><subfield code="a">1943</subfield></datafield><datafield tag="425" ind1="c"><subfield code="a">1986</subfield></datafield><datafield tag="531" ind1="z"><subfield code="a">502428-6            Vorg. ---&gt;‡Osram-Konzern &lt;Berlin&gt;: Technisch-wissenschaftliche Abhandlungen aus dem Osram-Konzern</subfield></datafield><datafield tag="537" ind1=" "><subfield code="a">C*25!6!(läuft wieder)Kopie188!</subfield></datafield><datafield tag="542" ind1="a"><subfield code="a">ISSN 0078-6799</subfield></datafield><datafield tag="542" ind1="a"><subfield code="a">ISSN 0371-5264</subfield></datafield><datafield tag="700" ind1="z"><subfield code="a">|900</subfield></datafield></record>