<record format="MAB" type="Bibliographic"><leader>01635nM2.01200024   000h</leader><controlfield tag="001"> 13-9</controlfield><controlfield tag="002">a19991118</controlfield><controlfield tag="003"> 20090123102505</controlfield><controlfield tag="004"> 20090320</controlfield><datafield tag="016" ind1=" "><subfield code="a">540322814‡DNB</subfield></datafield><datafield tag="025" ind1="a"><subfield code="a">010000062</subfield></datafield><datafield tag="025" ind1="z"><subfield code="a">13-9</subfield></datafield><datafield tag="026" ind1=" "><subfield code="a">ZDB13-9</subfield></datafield><datafield tag="030" ind1=" "><subfield code="a">b|1dcz|z|||37</subfield></datafield><datafield tag="036" ind1="a"><subfield code="a">XA-DDDE‡XA-DE</subfield></datafield><datafield tag="037" ind1="b"><subfield code="a">ger‡eng</subfield></datafield><datafield tag="050" ind1=" "><subfield code="a">a|a|||||||||||</subfield></datafield><datafield tag="052" ind1=" "><subfield code="a">p||||||zz||||||</subfield></datafield><datafield tag="070" ind1=" "><subfield code="a">9001</subfield></datafield><datafield tag="070" ind1="a"><subfield code="a">DNB</subfield></datafield><datafield tag="070" ind1="b"><subfield code="a">1242</subfield></datafield><datafield tag="073" ind1=" "><subfield code="a">12,2</subfield></datafield><datafield tag="200" ind1="b"><subfield code="a">Staatliches Museum für Tierkunde &lt;Dresden&gt;</subfield></datafield><datafield tag="202" ind1="a"><subfield code="a">35521-5</subfield></datafield><datafield tag="331" ind1=" "><subfield code="a">Zoologische Abhandlungen</subfield></datafield><datafield tag="359" ind1=" "><subfield code="a">Staatliche Naturhistorische Sammlungen Dresden, Museum für Tierkunde</subfield></datafield><datafield tag="370" ind1="a"><subfield code="a">Zoologische Abhandlungen aus dem Staatlichen Museum für Tierkunde Dresden</subfield></datafield><datafield tag="370" ind1="a"><subfield code="a">Abhandlungen und Berichte aus dem Staatlichen Museum für Tierkunde in Dresden</subfield></datafield><datafield tag="370" ind1="a"><subfield code="a">Zoologische Abhandlungen und Berichte</subfield></datafield><datafield tag="376" ind1=" "><subfield code="a">ZOOL ABH (DRESD)</subfield></datafield><datafield tag="376" ind1="b"><subfield code="a">ZASMA</subfield></datafield><datafield tag="405" ind1=" "><subfield code="a">26.1961/64 - 56.2006</subfield></datafield><datafield tag="406" ind1="a"><subfield code="j">1961/64</subfield><subfield code="k">2006</subfield></datafield><datafield tag="410" ind1=" "><subfield code="a">Dresden</subfield></datafield><datafield tag="412" ind1=" "><subfield code="a">Museum für Tierkunde</subfield></datafield><datafield tag="418" ind1=" "><subfield code="a">Leipzig</subfield><subfield code="g">Geest &amp; Portig</subfield><subfield code="h">anfangs</subfield></datafield><datafield tag="425" ind1="b"><subfield code="a">1961</subfield></datafield><datafield tag="425" ind1="c"><subfield code="a">2006</subfield></datafield><datafield tag="435" ind1=" "><subfield code="a">25 cm</subfield></datafield><datafield tag="507" ind1=" "><subfield code="a">Hauptsacht. auf d. Jg.-Titelbl. 42.1986/87 - 51.2000/01: Zoologische Abhandlungen aus dem Staatlichen Museum für Tierkunde Dresden. - Nebent. 26.1961/64: Abhandlungen und Berichte aus dem Staatlichen Museum für Tierkunde in Dresden. - Hauptsacht. teils: Zoologische Abhandlungen und Berichte</subfield></datafield><datafield tag="523" ind1=" "><subfield code="a">Ersch. unregelmäßig</subfield></datafield><datafield tag="527" ind1="z"><subfield code="a">2392089-0           Internetausg. ---&gt;‡Zoologische Abhandlungen</subfield></datafield><datafield tag="531" ind1="z"><subfield code="a">6068-9              Vorg. ---&gt;‡Staatliches Museum für Tierkunde &lt;Dresden&gt;: Abhandlungen und Berichte aus dem Staatlichen Museum für Tierkunde in Dresden</subfield></datafield><datafield tag="533" ind1="z"><subfield code="a">2383989-2           Forts. ---&gt;‡Vertebrate zoology</subfield></datafield><datafield tag="537" ind1=" "><subfield code="a">F/C*18!21!(läuft noch; Kopie)84!(04-09-07)</subfield></datafield><datafield tag="542" ind1="a"><subfield code="a">ISSN 0070-7287</subfield></datafield><datafield tag="542" ind1="a"><subfield code="a">ISSN 0375-5231</subfield></datafield><datafield tag="545" ind1="a"><subfield code="a">ISSN 0375-5231 = Zoologische Abhandlungen</subfield></datafield><datafield tag="574" ind1=" "><subfield code="a">96,B09,0553</subfield></datafield><datafield tag="700" ind1=" "><subfield code="a">|590‡DNB</subfield></datafield><datafield tag="700" ind1="z"><subfield code="a">|730</subfield></datafield><datafield tag="705" ind1=" "><subfield code="a">590.5</subfield><subfield code="c">590</subfield><subfield code="e">DDC22ger</subfield><subfield code="f">05</subfield></datafield><datafield tag="710" ind1="a"><subfield code="a">Zoologie / Periodika</subfield></datafield></record><record format="MAB" type="Bibliographic"><leader>00792nM2.01200024   000h</leader><controlfield tag="001"> 15-2</controlfield><controlfield tag="002">a19991118</controlfield><controlfield tag="003"> 20050603141946</controlfield><controlfield tag="004"> 20090320</controlfield><datafield tag="025" ind1="a"><subfield code="a">010000070</subfield></datafield><datafield tag="025" ind1="z"><subfield code="a">15-2</subfield></datafield><datafield tag="026" ind1=" "><subfield code="a">ZDB15-2</subfield></datafield><datafield tag="030" ind1=" "><subfield code="a">b|1dcz|z|||35</subfield></datafield><datafield tag="036" ind1="a"><subfield code="a">XD-US</subfield></datafield><datafield tag="037" ind1="b"><subfield code="a">eng</subfield></datafield><datafield tag="050" ind1=" "><subfield code="a">a|a|||||||||||</subfield></datafield><datafield tag="052" ind1=" "><subfield code="a">pbi||||z|||||||</subfield></datafield><datafield tag="070" ind1=" "><subfield code="a">9001</subfield></datafield><datafield tag="070" ind1="a"><subfield code="a">DNB</subfield></datafield><datafield tag="070" ind1="b"><subfield code="a">9999</subfield></datafield><datafield tag="310" ind1=" "><subfield code="a">&#152;The&#156; American behavioral scientist / &#152;The&#156; ABS guide to recent publications in the social and behavioral sciences</subfield></datafield><datafield tag="331" ind1=" "><subfield code="a">&#152;The&#156; American behavioral scientist</subfield></datafield><datafield tag="360" ind1=" "><subfield code="a">The ABS guide to recent publications in the social and behavioral sciences</subfield></datafield><datafield tag="370" ind1="a"><subfield code="a">&#152;The&#156; ABS guide to recent publications in the social and behavioral sciences</subfield></datafield><datafield tag="405" ind1=" "><subfield code="a">1965</subfield></datafield><datafield tag="410" ind1=" "><subfield code="a">New York, NY</subfield></datafield><datafield tag="412" ind1=" "><subfield code="a">American Behavioral Scientist</subfield></datafield><datafield tag="415" ind1=" "><subfield code="a">Oxford [u.a.] ; Frankfurt, M.</subfield></datafield><datafield tag="417" ind1=" "><subfield code="a">Pergamon Press</subfield></datafield><datafield tag="425" ind1="b"><subfield code="a">1965</subfield></datafield><datafield tag="425" ind1="c"><subfield code="a">1965</subfield></datafield><datafield tag="533" ind1="z"><subfield code="a">1355410-4           Forts. ---&gt;‡Recent publications in the social and behavioral sciences</subfield></datafield><datafield tag="537" ind1=" "><subfield code="a">F/PC*B!24!</subfield></datafield><datafield tag="700" ind1="z"><subfield code="a">|390</subfield></datafield><datafield tag="700" ind1="z"><subfield code="a">|620</subfield></datafield></record>