<record format="MAB" type="Bibliographic"><leader>00772nM2.01200024   000h</leader><controlfield tag="001"> 16-4</controlfield><controlfield tag="002">a19991118</controlfield><controlfield tag="003"> 20071204010107</controlfield><controlfield tag="004"> 20090320</controlfield><datafield tag="025" ind1="a"><subfield code="a">010000089</subfield></datafield><datafield tag="025" ind1="z"><subfield code="a">16-4</subfield></datafield><datafield tag="026" ind1=" "><subfield code="a">ZDB16-4</subfield></datafield><datafield tag="030" ind1=" "><subfield code="a">b|1dcz|z|||37</subfield></datafield><datafield tag="036" ind1="a"><subfield code="a">XA-GB</subfield></datafield><datafield tag="050" ind1=" "><subfield code="a">a|a|||||||||||</subfield></datafield><datafield tag="052" ind1=" "><subfield code="a">pab||||z|||||||</subfield></datafield><datafield tag="070" ind1=" "><subfield code="a">9001</subfield></datafield><datafield tag="070" ind1="a"><subfield code="a">DNB</subfield></datafield><datafield tag="070" ind1="b"><subfield code="a">9999</subfield></datafield><datafield tag="200" ind1="b"><subfield code="a">International African Institute</subfield></datafield><datafield tag="202" ind1="a"><subfield code="a">1005929-5</subfield></datafield><datafield tag="331" ind1=" "><subfield code="a">African abstracts</subfield></datafield><datafield tag="335" ind1=" "><subfield code="a">a quarterly review of ethnographic, social, and linguistic studies appearing in current periodicals</subfield></datafield><datafield tag="341" ind1=" "><subfield code="a">Bulletin analytique africaniste</subfield></datafield><datafield tag="343" ind1=" "><subfield code="a">revue trimestr. d'études ethnologiques, sociales et linguistiques paraissant dans les périodiques du jour</subfield></datafield><datafield tag="405" ind1=" "><subfield code="a">1.1950 - 23.1972; damit Ersch. eingest.</subfield></datafield><datafield tag="410" ind1=" "><subfield code="a">London</subfield></datafield><datafield tag="412" ind1=" "><subfield code="a">Internat. African Inst.</subfield></datafield><datafield tag="425" ind1="b"><subfield code="a">1950</subfield></datafield><datafield tag="425" ind1="c"><subfield code="a">1972</subfield></datafield><datafield tag="510" ind1=" "><subfield code="a">Repr.: Folkestone : Dawson</subfield></datafield><datafield tag="527" ind1="z"><subfield code="a">1084053-9           Franz. Ausg. ---&gt;‡Analyses africanistes</subfield></datafield><datafield tag="537" ind1=" "><subfield code="a">F/A!C*251182</subfield></datafield><datafield tag="542" ind1="a"><subfield code="a">ISSN 0001-9895</subfield></datafield><datafield tag="700" ind1="z"><subfield code="a">|390</subfield></datafield></record>