<record format="MAB" type="Bibliographic"><leader>00817nM2.01200024   000h</leader><controlfield tag="001"> 17-6</controlfield><controlfield tag="002">a19991118</controlfield><controlfield tag="003"> 20071211002727</controlfield><controlfield tag="004"> 20090320</controlfield><datafield tag="025" ind1="a"><subfield code="a">010000097</subfield></datafield><datafield tag="025" ind1="z"><subfield code="a">17-6</subfield></datafield><datafield tag="026" ind1=" "><subfield code="a">ZDB17-6</subfield></datafield><datafield tag="030" ind1=" "><subfield code="a">b|1dcz|z|||27</subfield></datafield><datafield tag="036" ind1="a"><subfield code="a">XA-GB</subfield></datafield><datafield tag="037" ind1="b"><subfield code="a">eng</subfield></datafield><datafield tag="050" ind1=" "><subfield code="a">a|a|||||||||||</subfield></datafield><datafield tag="052" ind1=" "><subfield code="a">pstab||z|||||||</subfield></datafield><datafield tag="070" ind1=" "><subfield code="a">9001</subfield></datafield><datafield tag="070" ind1="a"><subfield code="a">DNB</subfield></datafield><datafield tag="070" ind1="b"><subfield code="a">9999</subfield></datafield><datafield tag="200" ind1=" "><subfield code="a">Great Britain / Central Statistical Office</subfield></datafield><datafield tag="202" ind1="a"><subfield code="a">35545-8</subfield></datafield><datafield tag="204" ind1="b"><subfield code="a">Great Britain</subfield></datafield><datafield tag="206" ind1="a"><subfield code="a">20010-4</subfield></datafield><datafield tag="331" ind1=" "><subfield code="a">Annual abstract of statistics</subfield></datafield><datafield tag="333" ind1=" "><subfield code="a">Central Statistical Office</subfield></datafield><datafield tag="405" ind1=" "><subfield code="a">84.1935/46(1948) - 132.1996</subfield></datafield><datafield tag="406" ind1="a"><subfield code="j">1935/46</subfield><subfield code="k">1996</subfield></datafield><datafield tag="410" ind1=" "><subfield code="a">London</subfield></datafield><datafield tag="412" ind1=" "><subfield code="a">HMSO</subfield></datafield><datafield tag="425" ind1="b"><subfield code="a">1948</subfield></datafield><datafield tag="425" ind1="c"><subfield code="a">1996</subfield></datafield><datafield tag="510" ind1=" "><subfield code="a">Repr.: Nendeln, Liechtenstein : Kraus; Bad Feilnbach : Schmidt Periodicals</subfield></datafield><datafield tag="531" ind1="z"><subfield code="a">127303-6            Vorg. ---&gt;‡Great Britain: Statistical abstracts for the United Kingdom</subfield></datafield><datafield tag="533" ind1="z"><subfield code="a">1361914-7           Forts. ---&gt;‡Great Britain / Office for National Statistics: Annual abstract of statistics</subfield></datafield><datafield tag="537" ind1=" "><subfield code="a">F/SCQ!H3!206!(20-06-07)385!(17-08-07)</subfield></datafield><datafield tag="542" ind1="a"><subfield code="a">ISSN 0072-5730</subfield></datafield><datafield tag="700" ind1="z"><subfield code="a">|601</subfield></datafield></record><record format="MAB" type="Bibliographic"><leader>01398nM2.01200024   000h</leader><controlfield tag="001"> 18-8</controlfield><controlfield tag="002">a19991118</controlfield><controlfield tag="003"> 20080922222913</controlfield><controlfield tag="004"> 20090320</controlfield><datafield tag="025" ind1="a"><subfield code="a">010000100</subfield></datafield><datafield tag="025" ind1="z"><subfield code="a">18-8</subfield></datafield><datafield tag="026" ind1=" "><subfield code="a">ZDB18-8</subfield></datafield><datafield tag="030" ind1=" "><subfield code="a">b|1dcz|z|||37</subfield></datafield><datafield tag="036" ind1="a"><subfield code="a">XD-US</subfield></datafield><datafield tag="037" ind1="b"><subfield code="a">eng</subfield></datafield><datafield tag="050" ind1=" "><subfield code="a">a|a|||||||||||</subfield></datafield><datafield tag="052" ind1=" "><subfield code="a">pab||||z|||||||</subfield></datafield><datafield tag="070" ind1=" "><subfield code="a">9001</subfield></datafield><datafield tag="070" ind1="a"><subfield code="a">DNB</subfield></datafield><datafield tag="070" ind1="b"><subfield code="a">9999</subfield></datafield><datafield tag="073" ind1=" "><subfield code="a">12</subfield></datafield><datafield tag="331" ind1=" "><subfield code="a">Biological abstracts</subfield></datafield><datafield tag="335" ind1=" "><subfield code="a">BA ; publ. with coop. of individual biologists, biolog. industries, and biolog. journals generally. Covering the world's biolog. research literature</subfield></datafield><datafield tag="359" ind1=" "><subfield code="a">staff of the central ed. off. John E. Flynn [u.a.]</subfield></datafield><datafield tag="370" ind1="a"><subfield code="a">BA</subfield></datafield><datafield tag="376" ind1=" "><subfield code="a">Biol. Abstr.</subfield></datafield><datafield tag="376" ind1="b"><subfield code="a">BIABA</subfield></datafield><datafield tag="405" ind1=" "><subfield code="a">1.1926/27(1927) -</subfield></datafield><datafield tag="410" ind1=" "><subfield code="a">Philadelphia, Pa.</subfield></datafield><datafield tag="412" ind1=" "><subfield code="a">Biological Abstracts</subfield></datafield><datafield tag="425" ind1="b"><subfield code="a">1927</subfield></datafield><datafield tag="510" ind1=" "><subfield code="a">Repr.: New York, NY : Johnson</subfield></datafield><datafield tag="522" ind1=" "><subfield code="a">13.1939 - 40.1962 auch in Sect. A-E ersch.</subfield></datafield><datafield tag="527" ind1="z"><subfield code="a">1101955-4           CD-ROM-Ausg. ---&gt;‡Biological abstracts on compact disc</subfield></datafield><datafield tag="527" ind1="z"><subfield code="a">2108051-3           Internetausg. ---&gt;‡Biological abstracts</subfield></datafield><datafield tag="527" ind1="z"><subfield code="a">2188093-1           DVD-ROM-Ausg. ---&gt;‡Biological abstracts</subfield></datafield><datafield tag="529" ind1="z"><subfield code="a">162322-9            Subject index 1962[?] bis 1969 ---&gt;‡BASIC</subfield></datafield><datafield tag="530" ind1="z"><subfield code="a">795326-4            In 46.1965,21 u. 47.1966,21 ---&gt;‡Biosciences Information Service of Biological Abstracts &lt;Philadelphia, Pa.&gt;: List of serials</subfield></datafield><datafield tag="531" ind1="z"><subfield code="a">210064-2            Vorg. ---&gt;‡Abstracts of bacteriology</subfield></datafield><datafield tag="531" ind1="z"><subfield code="a">210065-4            Vorg. ---&gt;‡Botanical abstracts</subfield></datafield><datafield tag="531" ind1="z"><subfield code="a">282104-7            Darin aufgeg. ---&gt;‡Subjects classification outline for Biological abstracts and Bioresearch index</subfield></datafield><datafield tag="531" ind1="z"><subfield code="a">162322-9            Darin aufgeg. ---&gt;‡BASIC</subfield></datafield><datafield tag="537" ind1=" "><subfield code="a">(Kopie)</subfield></datafield><datafield tag="542" ind1="a"><subfield code="a">ISSN 0006-3169</subfield></datafield><datafield tag="700" ind1="z"><subfield code="a">|720</subfield></datafield></record></collection>